<?xml version="1.0" encoding="UTF-8"?>
<record xmlns="http://www.loc.gov/MARC21/slim" xmlns:xsi="http://www.w3.org/2001/XMLSchema-instance" xsi:schemaLocation="http://www.loc.gov/MARC21/slim http://www.loc.gov/standards/marcxml/schema/MARC21slim.xsd">
<leader>00000nam a2200325 a 4500</leader>
<controlfield tag="001">001689365</controlfield>
<controlfield tag="003">NNU</controlfield>
<controlfield tag="005">20130417131850.0</controlfield>
<controlfield tag="008">001218m19531954iq       b    000 0 ara d</controlfield>
<datafield tag="035" ind1="9" ind2=" ">
<subfield code="a">NYUb12233722</subfield>
</datafield>
<datafield tag="035" ind1=" " ind2=" ">
<subfield code="a">(CStRLIN)NYUG00-B4195</subfield>
</datafield>
<datafield tag="040" ind1=" " ind2=" ">
<subfield code="a">NNU</subfield>
<subfield code="c">NNU</subfield>
</datafield>
<datafield tag="050" ind1=" " ind2="4">
<subfield code="a">BP192</subfield>
<subfield code="b">.M8</subfield>
</datafield>
<datafield tag="066" ind1=" " ind2=" ">
<subfield code="c">(3</subfield>
</datafield>
<datafield tag="090" ind1=" " ind2=" ">
<subfield code="a">BP192</subfield>
<subfield code="b">.M8</subfield>
</datafield>
<datafield tag="100" ind1="1" ind2=" ">
<subfield code="6">880-01</subfield>
<subfield code="a">Muẓaffar, Muḥammad Ḥasan,</subfield>
<subfield code="d">1883-1955.</subfield>
</datafield>
<datafield tag="245" ind1="1" ind2="0">
<subfield code="6">880-02</subfield>
<subfield code="a">Dalāʼil al-ṣidq fī al-jawāb ʻan Ibṭāl al-bāṭil alladhī waḍaʻahu al-Faḍl ibn Ruzbahān lil-Radd ʻalá Nahj al-ḥaqq lil-Ḥillī /</subfield>
<subfield code="c">taʼlīf Muḥammad Ḥaṣan al-Muẓaffar.</subfield>
</datafield>
<datafield tag="260" ind1=" " ind2=" ">
<subfield code="6">880-03</subfield>
<subfield code="a">Najaf :</subfield>
<subfield code="b">al-Maṭbaʻah al-Ḥaydarīyah,</subfield>
<subfield code="c">[1953?-1954 or 1955]</subfield>
</datafield>
<datafield tag="300" ind1=" " ind2=" ">
<subfield code="a">3 v. ;</subfield>
<subfield code="c">24 cm.</subfield>
</datafield>
<datafield tag="504" ind1=" " ind2=" ">
<subfield code="a">Includes bibliographical references.</subfield>
</datafield>
<datafield tag="650" ind1=" " ind2="0">
<subfield code="a">Shiah</subfield>
<subfield code="v">Apologetic works.</subfield>
</datafield>
<datafield tag="600" ind1="0" ind2="0">
<subfield code="a">Faz̤l Allāh ibn Rūzbahān,</subfield>
<subfield code="d">d. 1519.</subfield>
<subfield code="t">Ibṭāl nahj al-bāṭil.</subfield>
</datafield>
<datafield tag="600" ind1="1" ind2="0">
<subfield code="a">Ibn al-Muṭahhar al-Ḥillī, al-Ḥasan ibn Yūsuf,</subfield>
<subfield code="d">1250-1325.</subfield>
<subfield code="t">Nahj al-ḥaqq wa-kashf al-ṣidq.</subfield>
</datafield>
<datafield tag="700" ind1="0" ind2=" ">
<subfield code="6">880-04</subfield>
<subfield code="a">Faz̤l Allāh ibn Rūzbahān,</subfield>
<subfield code="d">d. 1519.</subfield>
<subfield code="t">Ibṭāl nahj al-bāṭil.</subfield>
</datafield>
<datafield tag="700" ind1="1" ind2=" ">
<subfield code="6">880-05</subfield>
<subfield code="a">Ibn al-Muṭahhar al-Ḥillī, al-Ḥasan ibn Yūsuf,</subfield>
<subfield code="d">1250-1325.</subfield>
<subfield code="t">Nahj al-ḥaqq wa-kashf al-ṣidq.</subfield>
</datafield>
<datafield tag="880" ind1="1" ind2=" ">
<subfield code="6">100-01/</subfield>
<subfield code="a">مظفر، محمد حسن.</subfield>
</datafield>
<datafield tag="880" ind1="1" ind2="0">
<subfield code="6">245-02/</subfield>
<subfield code="a">دلائل الصدق في الجواب عن ابطال الباطل الذي وضعه الفضل بن روزبهان للرد على نهج الحق للحلي /</subfield>
<subfield code="c">تأليف محمد حسن المظفر.</subfield>
</datafield>
<datafield tag="880" ind1=" " ind2=" ">
<subfield code="6">260-03/</subfield>
<subfield code="a">نجف :</subfield>
<subfield code="b">المطبعة الحيدرية،</subfield>
<subfield code="c">[1953?-1954 or 1955]</subfield>
</datafield>
<datafield tag="880" ind1="0" ind2=" ">
<subfield code="6">700-04/</subfield>
<subfield code="a">فضل الله بن روزبهان.</subfield>
<subfield code="t">ابطال نهج الباطل.</subfield>
</datafield>
<datafield tag="880" ind1="1" ind2=" ">
<subfield code="6">700-05/</subfield>
<subfield code="a">ابن المطهر الحلي، الحسن بن يوسف.</subfield>
<subfield code="t">نهج الحق وكشف الصدق.</subfield>
</datafield>
<datafield tag="OWN" ind1=" " ind2=" ">
<subfield code="a">GENERAL</subfield>
</datafield>
<datafield tag="AVA" ind1=" " ind2=" ">
<subfield code="a">NYU50</subfield>
<subfield code="b">BOBST</subfield>
<subfield code="c">Main Collection</subfield>
<subfield code="d">BP192 .M8</subfield>
<subfield code="e">unavailable</subfield>
<subfield code="t">Unavailable</subfield>
<subfield code="f">3</subfield>
<subfield code="g">3</subfield>
<subfield code="h">Y</subfield>
<subfield code="i">3</subfield>
<subfield code="j">MAIN</subfield>
<subfield code="k">0</subfield>
</datafield>
</record>
